@book{stull1988introduction,
  title={An introduction to boundary layer meteorology},
  author={Stull, Roland B},
  volume={13},
  year={1988},
  publisher={Springer Science \& Business Media}
}