% Encoding: UTF-8

@article{nilsen2016simple,
  title={A simple shelf circulation model: intrusion of Atlantic Water on the West Spitsbergen Shelf},
  author={Nilsen, Frank and Skogseth, Ragnheid and Vaardal-Lunde, Juni and Inall, Mark},
  journal={Journal of Physical Oceanography},
  volume={46},
  number={4},
  pages={1209--1230},
  year={2016},
  publisher={American Meteorological Society}
}

@book{stull1988introduction,
  title={An introduction to boundary layer meteorology},
  author={Stull, Roland B},
  volume={13},
  year={1988},
  publisher={Springer Science \& Business Media}
}


































